<?xml version="1.0"?>
<marc:records xmlns:marc="http://www.loc.gov/MARC21/slim" xmlns:xsi="http://www.w3.org/2001/XMLSchema-instance" xsi:schemaLocation="http://www.loc.gov/MARC21/slim http://www.loc.gov/standards/marcxml/schema/MARC21slim.xsd">
  <marc:record>
    <marc:leader>04646ctd a2200565Ia 4500</marc:leader>
    <marc:controlfield tag="001">9962905673503681</marc:controlfield>
    <marc:controlfield tag="005">20211025111123.0</marc:controlfield>
    <marc:controlfield tag="008">141029q17001850ii            000 0 san d</marc:controlfield>
    <marc:datafield ind1=" " ind2=" " tag="035">
  <marc:subfield code="a">(OCoLC)ocn893979757</marc:subfield>
</marc:datafield>
    <marc:datafield ind1=" " ind2=" " tag="035">
  <marc:subfield code="a">(OCoLC)893979757</marc:subfield>
</marc:datafield>
    <marc:datafield ind1=" " ind2=" " tag="035">
  <marc:subfield code="a">(PU)6290567-penndb-Voyager</marc:subfield>
</marc:datafield>
    <marc:datafield ind1=" " ind2=" " tag="040">
  <marc:subfield code="a">PAULM</marc:subfield>
  <marc:subfield code="c">PAULM</marc:subfield>
  <marc:subfield code="e">dacs</marc:subfield>
</marc:datafield>
    <marc:datafield ind1=" " ind2=" " tag="049">
  <marc:subfield code="a">PAUM</marc:subfield>
</marc:datafield>
    <marc:datafield ind1=" " ind2=" " tag="079">
  <marc:subfield code="a">ocn893979868</marc:subfield>
</marc:datafield>
    <marc:datafield ind1=" " ind2="9" tag="099">
  <marc:subfield code="a">Ms. Coll. 390</marc:subfield>
</marc:datafield>
    <marc:datafield ind1="0" ind2=" " tag="100">
  <marc:subfield code="a">S&#x301;an&#x307;kara&#x304;ca&#x304;rya.</marc:subfield>
</marc:datafield>
    <marc:datafield ind1="1" ind2="0" tag="245">
  <marc:subfield code="6">880-01</marc:subfield>
  <marc:subfield code="a">S&#x301;a&#x304;ri&#x304;rakami&#x304;ma&#x304;m&#x323;sa&#x304;bha&#x304;s&#x323;ya,</marc:subfield>
  <marc:subfield code="f">circa 1700-1850.</marc:subfield>
</marc:datafield>
    <marc:datafield ind1=" " ind2=" " tag="300">
  <marc:subfield code="a">1</marc:subfield>
  <marc:subfield code="f">item (185 leaves) :</marc:subfield>
  <marc:subfield code="b">paper ;</marc:subfield>
  <marc:subfield code="c">16 x 30 cm.</marc:subfield>
</marc:datafield>
    <marc:datafield ind1=" " ind2=" " tag="500">
  <marc:subfield code="a">Written in 11-17 lines per leaf.</marc:subfield>
</marc:datafield>
    <marc:datafield ind1=" " ind2=" " tag="500">
  <marc:subfield code="a">Mistakes covered over in yellow or blacked out; some corrections and additions in margins; significant syllables, words, or phrases highlighted in red throughout.</marc:subfield>
</marc:datafield>
    <marc:datafield ind1=" " ind2=" " tag="500">
  <marc:subfield code="a">185 leaves foliated  (Part 1) f. 1-32; (Part 2) f. 1-42; (Part 3) f. 1-51); (Part 4) f. 1-43; (Part 5) f. 1-17, lower right verso.</marc:subfield>
</marc:datafield>
    <marc:datafield ind1=" " ind2=" " tag="500">
  <marc:subfield code="a">Title from colophon (Part 5, f. 17r); title of super-commentary Bha&#x304;s&#x323;yaratnaprabha&#x304; from commentary colophon (Part 5, f. 17r); alternate titles of super-commentary, S&#x301;a&#x304;ri&#x304;rakami&#x304;ma&#x304;m&#x323;sa&#x304;vya&#x304;khya&#x304;ya&#x304; and S&#x301;a&#x304;ri&#x304;rakabhagavatpa&#x304;dabha&#x304;s&#x323;yavibha&#x304;ga, supplied by cataloger.</marc:subfield>
</marc:datafield>
    <marc:datafield ind1=" " ind2=" " tag="500">
  <marc:subfield code="a">Colophon: s&#x301;ri&#x304;s&#x301;a&#x304;ri&#x304;rakami&#x304;ma&#x304;m&#x323;sa&#x304;bha&#x304;s&#x323;ye dvitiyodhya&#x304;yasya caturthah&#x323; pa&#x304;dah&#x323; // (f. 17r).</marc:subfield>
</marc:datafield>
    <marc:datafield ind1="0" ind2=" " tag="505">
  <marc:subfield code="a">Prathamo 'dhya&#x304;yah&#x323; (Part 1, f. 1-32) -- Dviti&#x304;ya&#x304;dhya&#x304;yasya prathamah&#x323; pa&#x304;dah&#x323; (Part 2, f. 1-42) -- Dviti&#x304;ya&#x304;dhya&#x304;yasya dviti&#x304;yah&#x323; pa&#x304;dah&#x323; (Part 3, f. 1-51) -- Dviti&#x304;yasya&#x304;dhya&#x304;yasya tr&#x323;ti&#x304;yah&#x323; pa&#x304;dah&#x323; (Part 4, f. 1-43) -- Dviti&#x304;ya&#x304;dhya&#x304;yasya caturthah&#x323; pa&#x304;dah&#x323; (Part 5, f. 1-17).</marc:subfield>
</marc:datafield>
    <marc:datafield ind1="4" ind2=" " tag="510">
  <marc:subfield code="a">Listed in H.I. Poleman, Census of Indic Manuscripts in the United States and Canada (New Haven, Conn.:  American Oriental Society, 1938), Poleman</marc:subfield>
  <marc:subfield code="c">3946 (UP 1008).</marc:subfield>
</marc:datafield>
    <marc:datafield ind1=" " ind2=" " tag="520">
  <marc:subfield code="a">Manuscript used for contemplation and study and contains two commentaries. The main text is the S&#x301;a&#x304;ri&#x304;rakami&#x304;ma&#x304;m&#x323;sa&#x304;bha&#x304;s&#x323;ya by S&#x301;an&#x323;kara&#x304;ca&#x304;rya, while the second text, the Bha&#x304;s&#x323;yaratnaprabha&#x304; by Govinda&#x304;nanda, is a super-commentary of the former. The main text by S&#x301;an&#x323;kara&#x304;ca&#x304;rya is itself is a commentary on the ancient Brahmasu&#x304;tra. All of these Hindu commentaries are from the Advaita (non-dualism) Veda&#x304;nta school of philosophy. The super-commentary runs horizontally above and below the main text.</marc:subfield>
</marc:datafield>
    <marc:datafield ind1=" " ind2=" " tag="524">
  <marc:subfield code="a">UPenn Ms. Coll. 390, Item 1008</marc:subfield>
</marc:datafield>
    <marc:datafield ind1=" " ind2=" " tag="546">
  <marc:subfield code="a">In Sanskrit</marc:subfield>
  <marc:subfield code="b">(Devana&#x304;gari&#x304;)</marc:subfield>
</marc:datafield>
    <marc:datafield ind1="0" ind2="0" tag="600">
  <marc:subfield code="a">Ba&#x304;dara&#x304;yan&#x323;a.</marc:subfield>
  <marc:subfield code="t">Brahmasu&#x304;tra.</marc:subfield>
</marc:datafield>
    <marc:datafield ind1=" " ind2="0" tag="650">
  <marc:subfield code="a">Advaita.</marc:subfield>
</marc:datafield>
    <marc:datafield ind1=" " ind2="0" tag="650">
  <marc:subfield code="a">Philosophy, Indic.</marc:subfield>
</marc:datafield>
    <marc:datafield ind1=" " ind2="0" tag="650">
  <marc:subfield code="a">Hindu philosophy.</marc:subfield>
</marc:datafield>
    <marc:datafield ind1=" " ind2="0" tag="650">
  <marc:subfield code="a">Vedanta.</marc:subfield>
</marc:datafield>
    <marc:datafield ind1=" " ind2="0" tag="655">
  <marc:subfield code="a">Manuscripts</marc:subfield>
  <marc:subfield code="z">India</marc:subfield>
  <marc:subfield code="y">19th century.</marc:subfield>
</marc:datafield>
    <marc:datafield ind1=" " ind2="7" tag="655">
  <marc:subfield code="a">Commentaries.</marc:subfield>
  <marc:subfield code="2">aat</marc:subfield>
</marc:datafield>
    <marc:datafield ind1=" " ind2="7" tag="655">
  <marc:subfield code="a">Treatises.</marc:subfield>
  <marc:subfield code="2">aat</marc:subfield>
</marc:datafield>
    <marc:datafield ind1=" " ind2="0" tag="655">
  <marc:subfield code="a">Manuscripts, Sanskrit</marc:subfield>
  <marc:subfield code="y">18th century.</marc:subfield>
</marc:datafield>
    <marc:datafield ind1=" " ind2="0" tag="655">
  <marc:subfield code="a">Manuscripts</marc:subfield>
  <marc:subfield code="z">India</marc:subfield>
  <marc:subfield code="y">18th century.</marc:subfield>
</marc:datafield>
    <marc:datafield ind1=" " ind2="0" tag="655">
  <marc:subfield code="a">Manuscripts, Sanskrit</marc:subfield>
  <marc:subfield code="y">19th century.</marc:subfield>
</marc:datafield>
    <marc:datafield ind1="0" ind2="2" tag="700">
  <marc:subfield code="a">Govinda&#x304;nanda.</marc:subfield>
  <marc:subfield code="t">Bha&#x304;s&#x323;yaratnaprabha&#x304;.</marc:subfield>
</marc:datafield>
    <marc:datafield ind1="0" ind2="2" tag="740">
  <marc:subfield code="a">S&#x301;a&#x304;ri&#x304;rakabhagavatpa&#x304;dabha&#x304;s&#x323;yavibha&#x304;ga.</marc:subfield>
</marc:datafield>
    <marc:datafield ind1="0" ind2="2" tag="740">
  <marc:subfield code="a">S&#x301;a&#x304;ri&#x304;rakami&#x304;ma&#x304;m&#x323;sa&#x304;vya&#x304;khya&#x304;ya&#x304;.</marc:subfield>
</marc:datafield>
    <marc:datafield ind1="0" ind2=" " tag="773">
  <marc:subfield code="t">Collection of Indic Manuscripts.</marc:subfield>
  <marc:subfield code="g">Item 1008</marc:subfield>
</marc:datafield>
    <marc:datafield ind1=" " ind2=" " tag="852">
  <marc:subfield code="b">Kislak Center for Special Collections, Rare Books and Manuscripts</marc:subfield>
  <marc:subfield code="a">University of Pennsylvania</marc:subfield>
  <marc:subfield code="e">3420 Walnut Street, Philadelphia, Pennsylvania 19104-6206.</marc:subfield>
  <marc:subfield code="j">Ms. Coll. 390</marc:subfield>
</marc:datafield>
    <marc:datafield ind1="4" ind2="1" tag="856">
  <marc:subfield code="z">Digital facsimile for browsing (Colenda)</marc:subfield>
  <marc:subfield code="u">https://colenda.library.upenn.edu/catalog/81431-p3db7vr3g</marc:subfield>
</marc:datafield>
    <marc:datafield ind1="4" ind2="1" tag="856">
  <marc:subfield code="z">Facsimile</marc:subfield>
  <marc:subfield code="u">http://hdl.library.upenn.edu/1017/d/medren/6290567</marc:subfield>
</marc:datafield>
    <marc:datafield ind1="1" ind2="0" tag="880">
  <marc:subfield code="6">245-01</marc:subfield>
  <marc:subfield code="a">&#x936;&#x93E;&#x930;&#x940;&#x930;&#x915;&#x92E;&#x940;&#x92E;&#x93E;&#x902;&#x938;&#x93E;&#x92D;&#x93E;&#x937;&#x94D;&#x92F;,</marc:subfield>
  <marc:subfield code="f">&#x967;&#x96D;&#x966;&#x966;-&#x967;&#x96E;&#x96B;&#x966;.</marc:subfield>
</marc:datafield>
    <marc:datafield ind1=" " ind2=" " tag="994">
  <marc:subfield code="a">C0</marc:subfield>
  <marc:subfield code="b">PAULM</marc:subfield>
</marc:datafield>
    <marc:datafield ind1=" " ind2=" " tag="996">
  <marc:subfield code="a">unbound</marc:subfield>
</marc:datafield>
    <marc:datafield ind1=" " ind2=" " tag="999">
  <marc:subfield code="a">DLA</marc:subfield>
  <marc:subfield code="b">04052016</marc:subfield>
</marc:datafield>
    <marc:holdings>
      <marc:holding>
        <marc:holding_id>22291687410003681</marc:holding_id>
        <marc:call_number>Ms. Coll. 390</marc:call_number>
        <marc:library>KislakCntr</marc:library>
        <marc:location>scmss</marc:location>
      </marc:holding>
    </marc:holdings>
  </marc:record>
</marc:records>
